@ARTICLE{sampedro,
   author = {{Sampedro}, L. and {Dias}, W.~S. and {Alfaro}, E.~J. and {Monteiro}, H. and 
	{Molino}, A.},
    title = "{A multimembership catalogue for 1876 open clusters using UCAC4 data}",
  journal = {Monthly Notices of the Royal Astronomical Society},
archivePrefix = "arXiv",
   eprint = {1706.05581},
 primaryClass = "astro-ph.SR",
     year = 2017,
    month = oct,
   volume = 470,
    pages = {3937-3945},
      doi = {10.1093/mnras/stx1485},
}

@ARTICLE{cantat-gaudin,
   author = {{Cantat-Gaudin}, T. and {Jordi}, C. and {Vallenari}, A. and 
	{Bragaglia}, A. and {Balaguer-N{\'u}{\~n}ez}, L. and {Soubiran}, C. and 
	{Bossini}, D. and {Moitinho}, A. and {Castro-Ginard}, A. and 
	{Krone-Martins}, A. and {Casamiquela}, L. and {Sordo}, R. and 
	{Carrera}, R.},
    title = "{A Gaia DR2 view of the open cluster population in the Milky Way}",
  journal = {Astronomy \& Astrophysics},
archivePrefix = "arXiv",
   eprint = {1805.08726},
     year = 2018,
    month = oct,
   volume = 618,
      eid = {A93},
    pages = {A93},
      doi = {10.1051/0004-6361/201833476},
}


@MISC{gaiadr2,
   author = {{Brown}, A.G.A. and {Vallenari}, A. and others},
    title = "{Gaia Data Release 2. Summary of the contents and survey properties}",
archivePrefix = "arXiv",
   eprint = {1804.09365},
     year = 2018,
    month = apr,
}